<?xml version="1.0" encoding="UTF-8"?><collection xmlns="http://www.loc.gov/MARC21/slim"><record><leader>00331nam--2200133-i-4500</leader><controlfield tag="001">000048412</controlfield><controlfield tag="002">20161230</controlfield><controlfield tag="005">20161230201047</controlfield><controlfield tag="008">060222s1000------------r-----000-0-eng-d</controlfield><datafield ind1=" " ind2=" " tag="080"><subfield code="a">621</subfield></datafield><datafield ind1=" " ind2=" " tag="100"><subfield code="a">Abrikosov, A. A</subfield></datafield><datafield ind1=" " ind2=" " tag="245"><subfield code="a">Masinostroitelnoe chechenie i chtenie chertezhei</subfield></datafield><datafield ind1=" " ind2=" " tag="260"><subfield code="a">Moskva, Masgiz, 1950. 137 P</subfield></datafield><datafield ind1=" " ind2=" " tag="852"><subfield code="a">1133</subfield></datafield></record></collection>